@Article{Almeida2013,
  Title                    = {Crackling sound generation during the formation of liquid bridges: A lattice gas model},
  Author                   = {Almeida, Alexandre B. and Buldyrev, Sergey V. and Alencar, Adriano M.},
  Journal                  = {Physica A: Statistical Mechanics and its Applications},
  Year                     = {2013},
  Number                   = {16},
  Pages                    = {3409--3416},
  Volume                   = {392},
}

@Article{Giovambattista2015,
  Title                    = {Validation of Capillarity Theory at the Nanometer Scale by Atomistic Computer Simulations of Water Droplets and Bridges in Contact with Hydrophobic and Hydrophilic Surfaces},
  Author                   = {Giovambattista, Nicolas and Almeida, Alexandre B. and Alencar, Adriano M and Buldyrev, Sergey V},
  Journal                  = {The Journal of Physical Chemistry C},
  Year                     = {2016},
  Number                   = {3},
  Pages                    = {1597--1608},
  Volume                   = {120},
}

@Article{Almeida2018,
  Title                    = {Validation of Capillarity Theory at the Nanometer-Scale II: Stability and Rupture of Water Capillary Bridges in Contact with Hydrophobic and Hydrophilic Surfaces},
  Author                   = {Almeida, Alexandre B and Giovambattista, Nicolas and Buldyrev, Sergey V and Alencar, Adriano M},
  Journal                  = {The Journal of Physical Chemistry C},
  Year                     = {2018},
  Number                   = {3},
  Pages                    = {1556--1569},
  Volume                   = {122},
}


@Article{Almeida2021,
  Title                    = {How Small Is Too Small for the Capillarity Theory?},
  Author                   = {Almeida, Alexandre B and Buldyrev, Sergey V and Giovambattista, Nicolas and Alencar, Adriano M},
  Journal                  = {The Journal of Physical Chemistry C},
  Year                     = {2021},
  Number                   = {9},
  Pages                    = {5335--5348},
  Volume                   = {125},
}

